<collection xmlns="http://www.loc.gov/MARC21/slim">
<record>
  <leader>01058nam0a2200217 i 450 </leader>
  <controlfield tag="001">IT\ICCU\CNCE\058586</controlfield>
  <controlfield tag="005">20130730000000.0</controlfield>
  <datafield tag="012" ind1=" " ind2=" ">
    <subfield code="a">elal imen e-no s-r- (C) 1598 (A)</subfield>
    <subfield code="2">fei</subfield>
  </datafield>
  <datafield tag="100" ind1=" " ind2=" ">
    <subfield code="a">20040617d1598        0itac0103    ba</subfield>
  </datafield>
  <datafield tag="101" ind1=" " ind2=" ">
    <subfield code="a">ITA</subfield>
  </datafield>
  <datafield tag="102" ind1=" " ind2=" ">
    <subfield code="a">IT</subfield>
  </datafield>
  <datafield tag="200" ind1="1" ind2=" ">
    <subfield code="a">Presa di Buda fatta per l&apos;illustrissimo conte di Suarcimburg sotto li 16. ottobrio 1598. Oue s&apos;intende il modo, che il campo imperiale h ̉tenuto nel racquistarla, et le battaglie fatte, con assai particolarit ̉degne da essere intese</subfield>
  </datafield>
  <datafield tag="210" ind1=" " ind2=" ">
    <subfield code="a">In Verona</subfield>
    <subfield code="c">per Francesco dalle Donne</subfield>
    <subfield code="d">&amp; Scipione Vargnano suo genero</subfield>
    <subfield code="d">1598</subfield>
  </datafield>
  <datafield tag="215" ind1=" " ind2=" ">
    <subfield code="a">\4! c.</subfield>
    <subfield code="d">8ʻ</subfield>
  </datafield>
  <datafield tag="300" ind1=" " ind2=" ">
    <subfield code="a">In testa al front.: Lodato sia Iddio</subfield>
  </datafield>
  <datafield tag="620" ind1=" " ind2=" ">
    <subfield code="a">IT</subfield>
    <subfield code="d">Verona</subfield>
  </datafield>
  <datafield tag="712" ind1="0" ind2="0">
    <subfield code="a">Dalle_Donne, Francesco &amp; Vargnano, Scipione</subfield>
    <subfield code="3">IT\ICCU\CNCT\000297</subfield>
    <subfield code="4">650</subfield>
  </datafield>
  <datafield tag="791" ind1="0" ind2="0">
    <subfield code="a">Vargnano, Scipione</subfield>
    <subfield code="3">IT\ICCU\CNCT\000298</subfield>
    <subfield code="z">Dalle_Donne, Francesco &amp; Vargnano, Scipione</subfield>
  </datafield>
  <datafield tag="801" ind1=" " ind2="3">
    <subfield code="a">IT</subfield>
    <subfield code="b">ICCU</subfield>
    <subfield code="c">20201115</subfield>
  </datafield>
  <datafield tag="899" ind1=" " ind2=" ">
    <subfield code="a">Biblioteca citt ̉di Arezzo. Arezzo</subfield>
    <subfield code="1">AR0070</subfield>
    <subfield code="2">RT1 QA</subfield>
  </datafield>
  <datafield tag="899" ind1=" " ind2=" ">
    <subfield code="a">Archivio storico civico e Biblioteca Trivulziana. Milano</subfield>
    <subfield code="1">MI0327</subfield>
    <subfield code="2">LO1 13</subfield>
  </datafield>
</record>
</collection>
